<?xml version="1.0" encoding="UTF-8"?><record xmlns="http://www.loc.gov/MARC21/slim" xmlns:cinclude="http://apache.org/cocoon/include/1.0" xmlns:zs="http://www.loc.gov/zing/srw/">
  <leader>00369nz  a2200121n  4500</leader>
  <controlfield tag="001">n  84079623 </controlfield>
  <controlfield tag="003">DLC</controlfield>
  <controlfield tag="005">19840911105855.6</controlfield>
  <controlfield tag="008">840823n| acannaab|          |n aaa |||  </controlfield>
  <datafield tag="010" ind1=" " ind2=" ">
    <subfield code="a">n  84079623 </subfield>
  </datafield>
  <datafield tag="040" ind1=" " ind2=" ">
    <subfield code="a">DLC</subfield>
    <subfield code="c">DLC</subfield>
    <subfield code="d">DLC</subfield>
  </datafield>
  <datafield tag="100" ind1="1" ind2="0">
    <subfield code="a">Schnell, Hugo,</subfield>
    <subfield code="d">1911-</subfield>
  </datafield>
  <datafield tag="670" ind1=" " ind2=" ">
    <subfield code="a">His Martin Luther und d. Reformation auf MuĚnzen u. Medaillen, c1983:</subfield>
    <subfield code="b">t.p. (Hugo Schnell) jkt. (b. 1911)</subfield>
  </datafield>
</record>